2367 4259
139 468 203 532 130
246 443 413 515 Erlsr.
441 440 513 507 Al>
542 440 586 517 Q·
608 438 855 511 FRATREM

141 644 232 707 gem,
256 641 307 684 me
326 615 474 699 prosequi
496 614 648 680 nonium
666 619 789 702 patius,
811 617 846 685 ἂ
866 618 946 687 effer

139 756 211 821 quae
233 730 386 812 reliquiar
407 730 589 793 communio
613 732 829 812 calamitatis,
852 752 947 799 eom-

137 867 250 911 munes
271 845 391 908 liberor
410 842 584 909 tueretur?
628 844 839 925 scotaneto,
861 865 947 930 quo·

137 980 201 1043 quo
225 960 322 1021 modo
349 953 471 1040 potui,
502 954 631 1038 scripsi,
653 954 688 1022 δι
711 960 785 1022 dedi
810 959 940 1025 litterar

135 1075 177 1134 ad
198 1082 232 1133 te
252 1071 451 1153 Philogono,
481 1068 598 1133 liberto
621 1078 707 1146 tuo,
738 1089 819 1153 quas
842 1074 941 1137 credo

135 1186 194 1247 tibi
213 1183 319 1265 poster
343 1183 486 1247 redditas
502 1181 586 1247 offe:
614 1181 647 1246 in
666 1182 782 1266 quibus
799 1183 885 1247 idem
906 1192 943 1249 te

135 1294 297 1359 hortor&
316 1316 417 1377 rogo,
439 1295 527 1379 quod
547 1296 640 1378 pueri
657 1297 717 1360 tibi
738 1295 844 1361 verbio
861 1294 944 1361 met·

136 1410 352 1484 nuntiarunt,
376 1417 415 1469 ut
436 1406 573 1473 Romam
599 1410 749 1491 protinus
771 1429 885 1493 pergas
906 1404 945 1475 δι

135 1540 298 1606 properes.
366 1520 512 1585 Primum
541 1522 628 1585 enim
651 1530 684 1585 te
708 1518 852 1604 praefidio
880 1518 945 1587 effe

134 1635 245 1709 volui,
267 1626 289 1693 fi
305 1633 363 1714 qui
380 1631 481 1697 effert
497 1632 641 1711 inimici,
664 1654 805 1718 quorum
825 1636 944 1699 crude·

133 1749 207 1809 litas
230 1749 375 1810 nondum
399 1746 479 1811 eiset
504 1747 610 1811 nostra
633 1746 818 1812 calamitate
845 1746 943 1811 satia·

133 1867 179 1924 ta.
226 1862 351 1926 Deinde
366 1856 660 1946 congreiiuonoitri
673 1860 942 1925 lamentationem

132 1979 305 2056 pertimui:
330 1976 500 2057 digreffum
518 1996 596 2041 vero
618 1994 683 2039 non
705 1970 866 2039 tuiifl'em:
890 1981 942 2035 at-

134 2109 197 2169 que
223 2092 321 2153 etiam
342 2090 508 2168 idipsum,
541 2086 627 2167 quod
648 2095 685 2150 tu
710 2087 842 2166 scribis,
871 2106 942 2150 me·

133 2204 287 2273 tuebatur,
311 2218 352 2260 ne
373 2218 392 2260 a
411 2219 462 2260 me
481 2199 616 2261 distrahi
635 2218 698 2262 non
714 2200 829 2283 poises.
866 2178 941 2263 'His

75 2307 80 2329 Γ
134 2319 174 2379 de
200 2310 299 2374 causis
328 2311 390 2373 hoc
411 2312 589 2375 maximum
618 2312 739 2375 malum
754 2356 764 2387 ,
794 2314 879 2394 quod
905 2320 942 2377 te

134 2450 198 2492 non
219 2426 303 2500 vidi,
328 2443 393 2505 quo
410 2423 490 2486 nihil
509 2421 729 2486 amantissimis
751 2421 785 2485 δι
804 2422 942 2503 conjun-

134 2537 274 2603 t'tiiii-nis
293 2535 445 2601 iratribus
462 2538 610 2601 acerbius
630 2555 669 2599 ac
686 2535 832 2599 miserius
850 2536 943 2599 vide·

132 2664 185 2714 tur
208 2651 353 2712 accidere
374 2648 528 2730 potuiiie,
550 2650 660 2714 minus
682 2649 855 2724 acerbum,
878 2648 941 2711 mi-

133 2786 192 2829 nus
218 2764 364 2826 miserum
390 2761 477 2838 fuit,
509 2782 604 2844 quam
626 2759 735 2825 fuiffet
760 2780 833 2827 cum
859 2780 941 2824 con·

131 2875 263 2958 roffio,
287 2885 359 2939 tum
382 2896 459 2941 vero
487 2873 632 2959 digreiiio
658 2874 775 2938 nostra.
820 2874 938 2953 Nunc,

131 2992 155 3052 fi
179 3005 290 3072 potos,
313 2991 346 3053 id
370 2992 456 3074 quod
477 3012 557 3071 ego,
581 2990 637 3072 qui
659 2990 752 3053 fortis
776 2988 834 3053 tibi
857 2988 939 3053 sem·

132 3126 189 3186 per
211 3107 359 3181 vidobar,
383 3124 448 3167 non
463 3103 604 3186 polium,
626 3104 714 3186 erige
731 3110 783 3180 te,
806 3101 841 3168 δι
858 3122 939 3165 corr·

131 3218 242 3291 firma,
266 3217 287 3278 sr
302 3238 365 3300 qua
380 3219 544 3281 subeunda
557 3217 723 3280 dimicatio
735 3219 811 3282 erit.
856 3211 939 3294 Spe-

131 3352 195 3402 ro,
229 3328 250 3389 sr
278 3330 353 3410 quid
379 3352 451 3395 mea
476 3332 544 3414 spes
574 3331 672 3394 habet
699 3325 937 3404 auctoritatis,

129 3445 188 3504 tibi
210 3441 240 3504 δι
262 3442 478 3522 integritatem
497 3455 606 3519 tuam,
629 3443 664 3508 δι
681 3458 822 3506 amorem
843 3438 877 3500 in
900 3447 936 3505 t·

130 3555 298 3632 civitatis,
335 3554 517 3640 &aliquid
551 3557 651 3621 etiam
681 3551 937 3619 misericordiam

75 3833 135 3896 Q
