2367 4259
290 378 326 423 ·,
381 358 597 428 LIBER
651 361 680 427 1.
867 382 931 447 123

129 538 225 606 beros
238 535 304 615 eir,
325 534 551 601 deminuerent
563 540 656 613 ante,
677 552 778 617 quam
792 534 828 600 c.
844 520 939 598 Fun-'

131 652 228 717 dauio
245 647 608 734 pecuniam-solvissent.
651 649 801 734 Itemque
819 646 933 713 mitiiie

129 768 173 829 ad
186 763 481 847 Apollonidieuiea,
503 781 545 827 ue
561 762 602 827 de
615 762 727 839 bonis,
748 780 821 847 quae
832 760 933 827 oua·

129 876 181 943 vii
208 875 362 955 iuiffeut,
399 875 545 941 deminui
573 882 787 959 peterentur,
824 876 934 959 priuo-

91 1038 94 1043 .
131 1008 231 1073 quam
245 988 410 1054 Fundanio
426 988 569 1053 debitum
583 988 723 1053 solutum
738 987 827 1063 eliet.
851 988 933 1053 Haeo

131 1102 213 1185 mibi
227 1101 406 1169 verifimilia
424 1121 489 1167 nou
506 1102 670 1168 videntur.
713 1102 787 1168 suut
806 1103 894 1167 enim
912 1121 933 1169 a

124 1210 307 1299 ¹prudentio
334 1222 392 1281 tua
421 1213 637 1280 remotiiiima.
682 1215 734 1281 Ne
769 1216 934 1281 deminuat

129 1326 253 1397 hereri
276 1327 365 1404 Quid
384 1326 408 1391 fi
428 1326 620 1394 inficiatur?
650 1330 737 1407 Quid
755 1326 780 1393 fi
801 1330 933 1393 omnino

130 1460 197 1507 non
214 1440 385 1507 debetur?
429 1441 548 1518 Quid?
580 1451 700 1527 praetor
714 1443 793 1509 solet
810 1433 934 1527 judice-

130 1572 168 1619 re
183 1554 327 1622 deberi?
371 1554 492 1633 Quid?
514 1577 574 1639 ego
598 1556 763 1623 Fundanio
788 1578 853 1623 nou
876 1576 934 1621 cu·

130 1666 220 1752 pio?
262 1689 328 1735 non
351 1668 478 1731 amicus
494 1668 592 1733 ium?
635 1690 701 1733 non
717 1670 934 1735 misericordia

130 1766 297 1844 moveor?
331 1795 427 1840 nemo
446 1778 575 1857 megia:
603 1778 656 1839 sed
678 1780 731 1843 vio
748 1780 830 1859 juris
848 1781 934 1859 ejus·

85 1876 95 1885 ³
130 1891 223 1957 modi
245 1886 290 1952 eu
313 1886 507 1973 quibusdem
529 1886 564 1953 iu
589 1888 708 1967 robur,
735 1897 776 1954 ut
797 1890 878 1953 nibil
898 1889 936 1954 fit

86 2064 92 2069 .
128 2004 198 2071 loci
223 2001 351 2086 gratim.
395 2001 508 2084 Atque
529 2001 577 2066 ita
600 2000 681 2067 mibi
711 2003 837 2070 dicebat
862 2004 885 2067 F
888 2006 936 2069 la·

130 2118 206 2183 vius
221 2115 372 2198 scriptum
391 2114 425 2178 iu
440 2133 480 2179 ea
493 2112 643 2199 epistola,
666 2135 762 2200 quam
780 2126 869 2185 tuam
888 2119 935 2181 es-

128 2230 163 2295 se
182 2222 326 2326 dioebat,
347 2236 381 2292 te
405 2234 463 2292 eut
485 2227 574 2313 quoii
589 2229 702 2294 amicir
722 2232 790 2295 tuis
811 2232 933 2315 gratias

129 2339 298 2433 asturum,
321 2349 381 2407 aut
397 2339 484 2425 quati
501 2342 641 2407 inimicis
657 2344 863 2411 incommoda
885 2348 935 2413 la·

90 2530 97 2547 ,
129 2460 254 2519 turum.
301 2454 388 2531 Quid
406 2455 532 2520 multa?
553 2456 681 2522 ferebat
704 2459 869 2541 graviter,
898 2462 933 2528 id

130 2567 339 2634 vehementer
355 2588 484 2633 mecum
499 2571 714 2653 querebatur,
737 2574 932 2658 orabatque,

129 2688 169 2745 ut
198 2682 239 2749 ad
268 2688 302 2745 te
333 2701 431 2767 quam
452 2681 694 2763 diligentissime
728 2683 930 2753 scriberem:

130 2793 218 2879 quod
235 2794 335 2872 facio,
357 2794 393 2860 δι’
413 2802 448 2860 te
464 2795 590 2877 proriae
611 2798 818 2864 vehementer
832 2800 938 2869 etiam,

127 2915 230 2988 atque
245 2906 341 2969 etiam
359 2926 454 2989 rogo,
477 2906 563 2974 ut&
580 2911 844 2993 procuratoribus
861 2912 932 2977 Fla·

126 3019 177 3089 vii
198 3017 345 3081 remittes
365 3019 405 3082 de
425 3020 664 3097 deminuendo,
687 3020 723 3085 &
740 3023 779 3087 de
794 3024 931 3108 Apollo-

127 3127 347 3208 nidoribus,
376 3151 418 3197 ne
437 3134 514 3217 quid
531 3132 724 3217 perscribas,
747 3139 832 3219 quod
852 3160 931 3206 cou-
1036 3216 1041 3227 .

128 3254 181 3311 tra
203 3240 347 3309 Flavium
365 3242 428 3324 fit;
457 3247 616 3332 amplius,
639 3245 795 3315 &Flavii
818 3254 929 3330 causo,

129 3356 165 3423 dr
189 3358 307 3423 scilicet
335 3358 502 3444 Pompeii,
539 3359 640 3424 faciae
668 3363 787 3429 omnia.
841 3365 927 3429 Nolo

130 3471 253 3540 medius
279 3470 377 3541 fidius
396 3494 437 3540 ex
453 3481 513 3540 tue
531 3472 652 3557 iuiuda
676 3476 711 3544 in
733 3478 846 3561 illum,
867 3478 928 3545 tibi
