2367 4259
390 360 604 429 crana
653 362 682 429 1.
872 384 934 452 1³⁵

136 538 191 605 led
208 539 301 605 valde
321 534 506 603 adversante
524 538 656 613 Clodio;
677 538 734 621 qul
749 536 847 603 etiarn
869 540 936 621 prl-

137 662 236 719 vatuc
262 653 377 715 eaden
399 668 496 715 aranu
520 652 639 734 poterit
663 652 835 715 conciones
857 672 934 715 con-

115 751 119 765 ¹
138 766 264 829 citaret
286 764 522 828 deindeetIam
548 764 732 829 interceffor
755 766 933 848 parabitur.

137 877 223 944 Haec
242 876 320 942 inibi
336 876 550 961 proficiscenti
564 897 630 942 non
650 880 932 961 proponebantur:

135 990 191 1055 sed
218 990 299 1075 saep'e
326 990 438 1055 triduo
469 989 591 1054 sumana
620 992 821 1073 compluria
846 991 934 1053 dice·

135 1104 194 1171 bar
208 1101 270 1170 effe
286 1104 462 1169 rediturus.
485 1102 573 1180 Quid
590 1112 627 1167 tu
645 1104 772 1186 igitur?
795 1104 933 1185 inquies.

134 1216 248 1301 quid?
291 1218 398 1281 multa
422 1223 642 1284 convenerunt
654 1261 665 1295 ,
694 1236 766 1299 quae
792 1231 932 1281 mentem

132 1330 344 1395 exturbarent
370 1348 500 1396 mean:
537 1330 640 1396 subita
664 1327 807 1397 ¹deleciio
841 1332 934 1393 Pom-

132 1442 223 1527 peji,
244 1442 397 1508 alienatio
415 1443 600 1523 consulum,
622 1444 719 1510 etiarn
738 1428 934 1527 praetorum,

133 1556 232 1620 timor
247 1559 507 1639 publicanorum,
530 1578 631 1623 arnna.
656 1557 826 1642 Lacrynuac
843 1578 933 1621 meo·

93 1682 104 1690 ”
130 1686 208 1766 ¹rum
225 1688 278 1769 ane
292 1673 333 1733 ad
351 1680 488 1731 mortem
506 1671 554 1733 ire
569 1671 822 1750 prohibuerunt3
847 1670 934 1751 quod

131 1786 222 1843 certe
245 1780 281 1843 az
302 1782 342 1841 ad
364 1776 580 1851 honestatem,
611 1778 646 1841 dr
673 1782 712 1839 ad
736 1778 934 1861 effugiendos

133 1888 354 1956 intolerabilca
375 1885 502 1951 dolores
526 1888 591 1952 luit
612 1886 815 1971 aptiliirnum.
873 1887 935 1952 Sed

132 2006 175 2067 de
197 2003 259 2067 hoc
277 1999 382 2084 scripfi
406 1998 446 2063 ad
468 2008 501 2064 te
519 2001 552 2064 in
579 2020 617 2065 ea
646 2001 801 2085 epistola,
834 2021 933 2083 quarn

132 2114 306 2182 Phaetonti
318 2114 403 2177 dedi.
448 2112 542 2177 Nunc
557 2122 611 2193 tu,
635 2117 786 2198 quoniam
804 2115 839 2177 in
861 2126 935 2177 tan·

131 2236 204 2292 tuna
222 2223 340 2291 lustum
357 2226 392 2291 dr
411 2226 554 2291 laborem
577 2228 724 2293 detrusus
747 2250 807 2306 ca,
831 2246 934 2311 quan·

132 2347 204 2404 tum
223 2360 319 2404 nenio
336 2358 498 2424 unquamz
520 2338 543 2403 li
566 2343 710 2407 relevare
727 2351 819 2424 potes
840 2361 932 2403 cona·

130 2471 264 2518 munem
288 2454 392 2518 casura
415 2453 631 2518 misericordia
655 2454 842 2531 hominum
874 2454 933 2517 soi·

131 2566 211 2631 licet
242 2567 430 2630 incredibile
462 2566 615 2647 quiddam
644 2565 827 2649 affequeris.
873 2544 931 2630 Sin

129 2680 224 2765 plane
237 2681 437 2757 occidimus3
461 2676 726 2759 (memiseruml)
750 2700 809 2760 ego
824 2680 930 2743 omni·

116 2792 192 2883 ,bus
217 2792 296 2856 meis
324 2793 422 2855 exitio
448 2792 566 2871 luero,
596 2793 712 2874 quibus
738 2802 813 2856 ante
834 2794 931 2854 dede·

128 2904 200 2983 φη·
227 2923 291 2966 non
323 2923 424 2967 erana.
470 2901 532 2967 Sed
560 2912 621 2981 tu,
655 2913 692 2967 ut
721 2912 795 2964 ante
826 2905 866 2965 ad
896 2911 929 2968 te

128 3013 257 3096 leripfi,
279 3015 502 3098 perspicerem
521 3014 554 3079 dr
567 3023 735 3098 pertenta;
759 3013 793 3078 dr
811 3018 849 3080 ad
864 3036 929 3095 rue,

127 3138 167 3193 ut
188 3137 335 3209 tempora
352 3125 476 3203 nostra,
498 3148 561 3190 non
584 3136 621 3190 ut
639 3146 730 3189 arnor
748 3136 825 3192 tuus
847 3131 929 3207 lert,

128 3262 205 3306 vere
228 3239 396 3324 perscribe.
440 3240 510 3322 Ego
534 3240 653 3318 vitan,
676 3244 782 3322 quoad
805 3244 927 3323 putabo

124 3338 184 3417 'lua
201 3353 366 3428 interesse,
390 3353 505 3415 autad
530 3351 612 3435 spem
637 3352 818 3416 servandam
844 3352 928 3427 else,

129 3467 285 3533 retinebo.
353 3465 406 3529 Tu
422 3465 514 3529 nobis
539 3464 757 3529 amiciliirnum
782 3464 929 3530 Sextium

693 3582 753 3659 14
