2367 4259
397 404 611 473 LIBER
652 406 706 473 11.
889 428 952 494 13⁹

104 583 107 587 ’
152 579 287 671 privatis
326 601 379 645 me
415 580 556 664 primum
592 579 778 645 sententiam
817 581 954 663 rogavit.

154 697 258 763 Multa
275 694 338 759 ieci
356 695 452 759 verba
474 696 515 759 de
532 699 602 756 toto
620 693 745 772 furore,
768 692 957 757 latrocinio·

156 827 226 894 quo
241 808 277 873 P.
297 806 413 873 Clodii:
437 826 531 883 eum,
553 816 709 889 tanquam
727 824 838 883 reum,
861 824 957 871 accu-

104 998 107 1011 Λ
155 920 224 987 sevi
245 920 354 985 multia
376 918 412 983 dr
435 918 582 983 secundis
605 918 957 984 admurmurationibus

100 1020 103 1025 ’
158 1030 266 1099 ounttl
282 1034 422 1099 senatur.
467 1030 657 1095 Orationem
671 1050 777 1095 meam
794 1030 958 1096 collanda-
1055 1086 1058 1097 .

155 1146 204 1212 vit
222 1146 297 1211 satis
316 1146 427 1209 multis
443 1146 568 1222 verbio,
589 1164 654 1207 mon
671 1144 854 1209 mehercule
875 1145 959 1208 indi·

154 1258 256 1338 serte,
278 1230 420 1321 Severua
441 1257 620 1335 Antistiue;
651 1258 744 1342 isque
762 1256 958 1341 judiciorum

85 1390 89 1397 ·
155 1372 285 1436 eausam
311 1369 472 1453 suscepit,
506 1350 818 1457 antiquilllmamque
845 1372 875 1435 se
900 1372 961 1435 ba·

154 1483 299 1549 bitururn
327 1484 420 1548 dixit.
463 1484 578 1550 Ibatur
602 1484 637 1548 in
662 1502 734 1551 eam
758 1484 959 1572 sententiam·

155 1595 243 1663 Tum
262 1598 397 1664 Clodius
412 1604 562 1679 rogatus,
585 1598 671 1663 diem
685 1598 820 1664 dicendo
838 1599 962 1663 exime·

85 1700 90 1708 ’
156 1728 193 1775 re
212 1712 327 1793 eoepit.
349 1710 494 1783 furebat,
519 1725 539 1769 a
563 1708 687 1772 Racilio
709 1711 740 1773 se
761 1712 962 1774 contumaci·

105 1902 108 1907 .
158 1831 212 1884 ter
226 1821 450 1897 inurbaneque
466 1822 630 1878 vexatum.
663 1818 788 1880 Deinde
804 1818 871 1898 ejus
885 1840 963 1901 ope·

159 1950 206 1995 rae
234 1934 367 2011 repente
395 1946 415 1991 a
442 1924 630 1992 Graecostasi
658 1928 691 1993 dr
718 1931 867 2012 gradibus
896 1932 962 1995 cla-

98 2118 102 2123 ·
148 2018 286 2108 'rnorem
314 2040 387 2105 satis
414 2060 567 2125 magnum
596 2041 816 2115 sustulerunt.
848 2046 963 2127 opinor

160 2158 195 2220 in
218 2156 262 2232 Q.
278 2151 446 2219 Sextilium
466 2153 501 2221 δι
519 2156 640 2220 amico'a
660 2154 789 2220 Milonis
807 2157 963 2222 incitatae.

161 2268 211 2333 Eo
226 2276 315 2333 metu
331 2266 469 2351 mietio,
493 2278 646 2353 repente,
669 2289 782 2351 magna
801 2271 964 2353 querimo-

163 2382 217 2471 nia
232 2382 375 2446 omnium
384 2429 394 2461 ,
419 2380 621 2447 discedimus.
658 2384 768 2447 Habes
783 2382 853 2449 atta
869 2386 965 2455 unius

96 2546 102 2553 .
163 2495 239 2560 dlel.
285 2494 447 2579 Reliqua,
473 2504 513 2560 ut
529 2496 686 2573 arbitror,
709 2497 742 2559 in
758 2499 895 2563 mensem
910 2501 966 2575 Ja-

162 2609 312 2673 nuarium
328 2607 525 2692 rejicientur.
562 2608 614 2673 De
628 2610 764 2674 tribunis
780 2612 881 2694 plebis
894 2614 965 2677 lon·

85 2796 87 2802 y
161 2740 202 2804 ge
230 2722 388 2805 optimum
417 2722 580 2787 Racilium
612 2721 780 2787 babemus'.
813 2722 965 2791 ·Videtur

161 2834 263 2899 etiam
292 2835 452 2900 Antistius
483 2834 608 2900 amicus
636 2837 729 2900 nobis
760 2836 841 2900 iore.
887 2854 962 2901 nam

164 2946 303 3011 Plancus
319 2954 410 3010 totus'
426 2946 532 3013 noster
545 2944 602 3013 est.
646 2948 727 3033 Fac,
749 2945 773 3009 ir
787 2968 839 3013 me
855 2966 963 3026 amar,

163 3066 202 3121 ut
220 3056 414 3124 confiderate
428 3060 661 3146 diligenterque
674 3060 804 3144 naviget
820 3062 859 3127 de
873 3082 964 3128 men·

164 3170 196 3237 ie
213 3170 396 3236 Decembri.
