2367 4259
188 478 255 547 250
383 452 800 524 unrsrocaa

191 648 295 705 matre
308 642 381 709 tua,
397 629 491 714 cujm
508 650 620 695 omnes
633 648 722 697 curae
736 633 777 698 ad
789 638 823 699 te
833 633 995 703 'reserun-

189 763 244 818 tur
253 796 264 828 ,
280 748 313 812 br
332 749 365 809 in
378 752 412 809 te
428 743 676 826 consumuntur,
689 753 726 811 ut
741 746 884 813 venirem
903 752 949 815 ad
963 750 989 817 sr

188 872 264 929 ante
280 860 364 922 diem
384 879 462 925 vm
482 857 555 923 Kal.
568 856 659 923 Sext.
681 861 767 944 quod
784 880 864 945 ego,
880 868 920 927 ut
933 864 990 931 do·

187 976 260 1051 bui,
283 971 347 1037 sine
363 977 453 1037 mora
468 973 543 1037 seci.
588 974 793 1039 comantem
810 974 989 1055 renisam,

189 1088 284 1155 Casca
300 1089 426 1165 aderat,
444 1085 478 1153 sir
493 1086 616 1166 Labeo,
634 1087 668 1153 δι
683 1087 844 1173 Scaptius·
868 1092 916 1155 At
932 1091 992 1156 illo

187 1202 317 1277 retulit,
341 1199 572 1287 quaesivitque,
595 1203 748 1284 quidnam
765 1203 844 1267 mihi
859 1202 992 1271 videre·

187 1324 259 1379 tur:
281 1313 550 1379 arcesseremusne
563 1322 614 1389 te,
628 1302 729 1401 atque
743 1317 776 1381 id
789 1316 849 1380 tibi
863 1318 994 1383 condu-

186 1436 495 1509 oe1·eputaremus;
524 1446 567 1491 an
589 1432 717 1492 tardare
741 1428 775 1494 δι
793 1428 993 1496 commorari

185 1553 219 1607 te
238 1541 353 1605 melius
374 1538 463 1604 esset.
509 1540 667 1622 Respondi
686 1541 738 1617 id,
761 1542 847 1623 quod
869 1539 991 1609 sentio·

185 1659 260 1723 bam
276 1653 309 1719 bc
325 1652 473 1736 dignitati
482 1697 493 1731 ,
512 1651 547 1719 br
561 1652 785 1717 existimationi
799 1662 866 1715 tuae
882 1656 991 1720 maxi·

184 1792 238 1837 me
261 1769 469 1845 conducere,
489 1772 524 1831 te
551 1768 657 1851 primo
682 1786 812 1851 quoque
837 1772 989 1850 tempore

183 1888 268 1951 serre
285 1879 466 1969 presidium
477 1880 599 1945 labenti
612 1880 820 1946 &inclinatae
834 1880 988 1963 reipubli-

183 2019 241 2063 cae.
257 1997 344 2071 Quiri
360 1996 447 2060 enim
462 1994 565 2057 abelic
577 1995 683 2058 tenses
698 1996 773 2059 mali
787 1995 820 2057 ln
836 2015 875 2057 en
888 1992 988 2071 bello,

181 2114 301 2190 inquo
321 2106 459 2170 viliores
477 2106 639 2169 exercitus
662 2107 840 2187 fugientem
863 2104 986 2170 hostem

180 2220 327 2309 persequi
342 2218 541 2283 noluerunt?
563 2217 599 2284 cir
612 2219 645 2281 in
660 2240 723 2300 quo
740 2218 910 2283 incolumia
924 2218 986 2281 inr-

180 2343 326 2421 parator‚
349 2330 524 2394 honoribus
540 2310 755 2413 amplilllmis‚
777 2332 986 2415 fortunisque

180 2446 354 2520 maximis,
378 2442 513 2526 conjuge
531 2489 540 2521 ,
561 2444 699 2519 liberis,
724 2446 814 2509 vobis
832 2442 988 2510 affinibus

178 2570 333 2636 ornatus,
356 2558 475 2623 bellum
493 2558 679 2641 reipublicae
692 2557 872 2623 indixerit?
895 2558 986 2634 Quia

179 2679 284 2743 dicnm
309 2672 343 2735 in
365 2678 456 2736 tanto
471 2669 599 2737 senatur
618 2671 794 2756 populique
809 2670 984 2747 consensu,

178 2814 251 2860 cum
265 2786 392 2852 tantum
405 2783 540 2850 refideat
555 2788 639 2850 intra
656 2803 769 2849 muros
783 2784 889 2849 mali?
911 2803 984 2848 ma·

178 2912 266 2974 ximo
283 2912 413 2977 autem,
427 2918 499 2963 cum
516 2898 587 2960 haec
603 2898 793 2974 scribebam,
814 2895 984 2962 afficiebar

178 3025 308 3095 dolore,
331 3016 436 3101 quod,
459 3033 532 3076 cum
549 3034 602 3076 me
616 3032 672 3095 pro
690 3011 925 3076 adolescentulo
939 3029 983 3074 ac

176 3151 269 3213 paene
281 3153 383 3212 puero
398 3127 579 3212 respublica
595 3123 762 3209 accepisset
779 3127 910 3200 vadem,
923 3123 980 3187 vix

176 3242 331 3316 videbar,
354 3246 439 3324 quod
465 3243 688 3324 promiseram,
711 3238 860 3323 praestarc
877 3232 978 3317 posse.

176 3353 230 3421 Est
245 3350 352 3415 'autem
371 3357 498 3434 grauior
514 3354 547 3420 δι
561 3353 723 3417 difficilior
742 3346 889 3415 animi&
904 3347 976 3412 sen·

173 3468 306 3541 tentlae,
336 3466 484 3529 maximis
505 3468 676 3548 pracsertim
701 3468 734 3530 in
760 3464 884 3540 rebus,
913 3482 977 3545 pro

172 3584 295 3658 altero,
310 3596 407 3664 quam
418 3579 586 3661 pecuniae,
598 3579 762 3664 obligatio.
785 3577 870 3644 Hae
883 3578 976 3644 enim
