2367 4259
379 438 676 511 LIBERI.
883 460 929 537 ⁹3

129 620 255 699 cuniae,
279 632 357 685 cum
374 618 551 705 vninptuti,
572 636 647 681 cnm
658 614 803 683 omniurn
817 634 931 684 rerum

132 733 305 819 cupiditati
324 729 467 810 refister,
497 739 534 795 nt
555 730 662 807 facin
696 730 759 793 erit
770 774 781 809 ,
809 732 928 811 credo,

129 846 343 934 pericnlum,
373 864 415 910 ne
449 842 634 927 improbum
664 843 931 926 negotiatorem,

123 959 232 1055 'paulo
262 956 457 1042 cupidiorem
486 955 696 1039 publicanum
718 957 930 1041 comprimere

128 1090 198 1137 non
211 1068 315 1156 poiiir.
338 1068 425 1135 Nam
443 1066 549 1137 Graeci
564 1069 695 1155 quidem
712 1066 755 1133 iic
774 1080 809 1151 te
822 1071 868 1134 ita
880 1072 930 1137 vi·

125 1192 259 1268 ¹ventem
279 1184 517 1261 intuebuntur,
540 1188 577 1252 ut
596 1183 755 1265 quendem
772 1204 811 1247 err
831 1202 932 1249 anna·

133 1298 214 1363 iium
233 1296 406 1374 memoria,
429 1294 601 1363 autetiam
619 1296 659 1359 de
680 1295 765 1360 coeio
785 1296 939 1363 divinum.

114 1403 297 1476 'hominem
324 1405 386 1473 effe
409 1408 444 1473 in
464 1407 664 1493 provinciam
686 1408 847 1491 delapsum
868 1429 932 1493 pn-

130 1529 213 1589 tent.
256 1522 368 1605 Atque
383 1520 454 1587 haec
473 1540 579 1600 nunc,
601 1538 667 1587 non
682 1528 720 1585 ut
735 1522 856 1600 facino,
879 1524 931 1589 sed

130 1644 170 1709 nt
184 1643 218 1703 te
233 1636 341 1701 fecere
356 1633 390 1702 dr
406 1633 513 1701 ieciiie
526 1635 685 1720 gaudere,
706 1635 819 1700 scribo.
842 1636 933 1700 Prae·

130 1748 255 1815 clorum
270 1747 315 1814 en
331 1747 435 1824 enim,
457 1747 580 1812 summo
598 1766 675 1811 cnm
689 1740 825 1832 imperio
839 1748 935 1815 inisse

118 1861 165 1938 ,ln
181 1858 257 1927 Aue
273 1858 470 1930 trienninm,
491 1854 534 1917 fic
548 1864 589 1919 ut
603 1856 728 1919 nullum
741 1866 775 1921 te
791 1858 932 1939 signum,

127 1972 222 2041 nulle
236 1966 364 2053 pitture
369 2011 381 2046 ,
396 1965 522 2033 nulium
537 1984 611 2043 veo,
624 1963 714 2031 nulle
729 1966 841 2046 vestie,
857 1972 934 2036 nni·

93 2073 97 2081 ’
124 2088 201 2159 lum
223 2079 445 2165 mancipium,
473 2080 562 2145 nniic
587 2080 691 2145 iornre
713 2082 932 2166 cujusquam,

131 2199 223 2269 nuile
239 2193 380 2259 conditio
392 2194 540 2279 peeuniae
562 2194 700 2277 (quibus
714 2198 811 2261 rebus
829 2197 934 2265 abun·

131 2314 189 2379 dot
212 2310 270 2375 iste
297 2308 490 2395 provincie)
518 2306 559 2373 cb
581 2306 703 2373 summe
726 2309 931 2393 integritate,

132 2422 396 2502 continentiaque
417 2422 597 2487 deduxerit.
643 2420 731 2497 Quid
753 2434 857 2488 aurem
879 2444 932 2491 re·

133 2538 230 2623 periri
251 2548 320 2600 tem
344 2536 523 2612 eximium,
547 2540 604 2598 out
628 2542 693 2599 torn
716 2542 932 2619 expetendum

133 2651 233 2736 potest
242 2694 253 2728 ,
271 2668 368 2733 quam
383 2647 474 2714 isram
488 2647 659 2726 virtutem,
680 2650 932 2716 moderationem

99 2795 112 2811 ·
134 2762 260 2840 animi,
280 2761 553 2847 temperantiam,
578 2780 643 2825 noo
664 2761 764 2826 lutere
785 2763 818 2827 in
836 2771 932 2829 tene·

134 2875 220 2951 bris,
241 2896 347 2961 neque
363 2872 425 2939 eiie
444 2872 585 2939 abditam
594 2917 605 2950 ,
628 2874 678 2937 sed
691 2874 725 2937 in
742 2873 814 2940 luce
830 2871 933 2953 nne,

131 2988 170 3055 in
185 2988 286 3051 ocuiie
302 2984 477 3051 clariiirnrae
489 2986 682 3070 provinciae,
704 2992 800 3067 utque
818 2986 853 3048 in
873 3004 931 3051 nu-

118 3101 226 3167 'ribns
242 3098 384 3162 omnium
397 3096 542 3181 gentium
558 3118 597 3163 ac
613 3100 784 3163 notionum
794 3096 856 3163 eiie
871 3118 931 3183 po·

134 3209 258 3279 fitam?
280 3228 344 3273 non
364 3210 532 3277 itineribus
549 3209 618 3276 tuin
640 3210 809 3291 perterreri
825 3212 930 3279 horni-

134 3324 228 3392 neoi
258 3341 324 3387 non
348 3323 455 3390 surntu
477 3316 673 3389 exhauriri?
702 3342 766 3390 non
788 3314 929 3391 adventu

135 3435 363 3504 commoveri?
393 3434 476 3514 effe,
504 3454 695 3519 quocunqne
714 3438 862 3514 veneris,
893 3434 930 3504 dr

134 3550 288 3640 publice,
319 3545 355 3619 δι
381 3549 531 3635 privatim
558 3550 731 3641 mulmem
754 3550 927 3635 letitiam
