2367 4259
185 472 251 541 ¹30
308 450 462 521 ACAD.
486 445 914 529 QVAESTIONVM

183 628 262 695 lere.
287 626 452 710 sapiensne
472 644 537 690 uon
563 570 706 691 tibere?
733 647 823 711 nee,
853 628 880 695 ss
905 631 1002 717 patric

187 744 352 814 deleatur,
376 760 440 803 non
463 739 597 805 doleat?
619 744 760 818 durum
794 742 854 809 sed
878 745 1010 811 Zenoni¹

185 854 415 931 necelierium,
451 853 524 930 cui,
554 865 672 937 praeter
691 856 896 939 honestum,
926 862 1002 926 nibil

183 969 228 1033 est
249 971 282 1031 in
297 968 405 1045 bonis;
429 967 490 1031 tibi
513 986 609 1044 vero,
632 968 823 1050 Antiocho,
851 976 1000 1053 minime,

182 1084 245 1155 cui,
269 1092 385 1164 praeter
395 1079 605 1155 honestatem,
628 1082 731 1145 multa
747 1083 861 1162 bona;
881 1098 1002 1171 praeter

180 1196 432 1277 turpitudinem,
455 1195 559 1257 multa
574 1194 847 1277 malasidentur,
873 1222 953 1286 quae
968 1204 1001 1269 dr
1106 1249 1111 1260 .

182 1311 345 1373 venientia
361 1320 486 1371 metunt
502 1306 626 1392 sapiens
643 1308 768 1372 necelse
788 1312 861 1390 est,
886 1316 922 1380 ἃ
946 1336 999 1381 se·

182 1422 259 1487 uilie
272 1422 389 1485 doleat.
435 1419 496 1482 Sed
506 1440 631 1502 quaro,
654 1423 860 1503 quandolsta
875 1429 1000 1493 luerint

182 1539 223 1601 ab
255 1534 556 1611 academiayetere
587 1537 740 1611 decreta,
773 1543 812 1597 ut
843 1544 997 1607 animum

180 1649 329 1729 sapientis
346 1648 541 1709 commoveri
558 1645 592 1711 &
607 1649 790 1711 conturbari
804 1654 998 1735 negarent?

181 1763 422 1829 mediocritates
452 1760 501 1823 illi
528 1762 728 1842 probabant,
765 1761 799 1826 dr
827 1765 868 1829 in
905 1769 997 1834 omni

179 1878 380 1960 permotione
396 1875 575 1937 naturalem
590 1873 813 1939 volebantefle
823 1884 996 1959 quendr-

180 1994 327 2056 modum.
354 1987 504 2070 Legimus
526 2006 638 2050 omnes
660 1987 844 2070 Crantoris,
872 1996 996 2060 veteris

180 2104 389 2179 Academici,
413 2104 452 2165 de
466 2098 568 2164 tortu.
583 2099 628 2162 est
652 2099 735 2163 enim
753 2120 819 2164 non
836 2122 995 2189 maguus,

179 2238 291 2283 verum
309 2220 475 2289 aureolus,
501 2213 555 2289 dr,
580 2224 616 2275 ut
633 2213 801 2277 Tuberoni
823 2216 998 2287 Panaetius

177 2332 340 2416 precipit,
380 2331 419 2390 ad
457 2328 593 2391 verbum
625 2328 811 2391 ediscendus
841 2332 994 2400 libellus.

178 2453 291 2525 Atque
312 2438 360 2503 illi
384 2441 512 2523 quidem
544 2439 644 2503 etiam
674 2440 799 2504 utiliter
829 2461 851 2506 a
870 2458 994 2512 natura

178 2557 326 2618 dicebant
353 2554 570 2635 permotiones
601 2553 676 2616 lstas
713 2554 829 2617 animis
868 2559 993 2625 nostris

177 2672 289 2731 datas:
320 2677 468 2740 metum,
498 2668 632 2730 cavendi
658 2667 769 2730 causa:
800 2669 988 2737 misericor-

175 2785 260 2848 diam
292 2782 600 2862 aegritudinemque,
638 2781 839 2844 clementiae:
880 2786 984 2868 ipsam

175 2898 394 2969 iracundiam,
422 2895 624 2956 fortitudinis
655 2892 743 2976 quali
772 2902 879 2958 cotem
917 2898 984 2965 rll'e

173 2980 336 3074 dicebant:
367 3006 473 3083 teile,
503 3006 652 3081 secusne,
680 3007 760 3069 alias
789 3009 981 3078 viderimus.

171 3129 337 3186 Atrocitns
355 3119 559 3204 quidemEista
582 3130 641 3179 tua
660 3139 724 3200 quo
747 3123 844 3184 modo
863 3121 900 3185 in
923 3146 982 3191 ve.

103 3245 153 3315 ¹36
171 3244 272 3296 terem
304 3237 511 3297 Academiam
540 3233 713 3315 irruperit,
746 3233 864 3297 nescio.
918 3238 981 3301 ltla
1090 3252 1104 3337 p

172 3368 247 3410 vero
268 3351 349 3408 ferre
370 3367 434 3409 non
455 3345 594 3428 polium,
619 3365 683 3408 nou
699 3349 757 3429 qul
773 3346 851 3411 mihi
868 3349 979 3432 displi·

168 3470 282 3523 ceant:
308 3462 378 3520 lunt
402 3460 487 3522 enim
510 3456 674 3522 Socratica
694 3460 849 3543 pleraque
875 3464 978 3527 mira·

167 3575 245 3639 bina
264 3572 466 3650 Stoicorum,
490 3591 564 3656 quae
579 3571 729 3657 παράδοξα
743 3574 976 3664 nominenturs

1091 3484 1101 3673 ξ

1094 3682 1111 3896 l
