2367 4259
399 402 616 475 nra-nn
665 402 696 472 1.
887 424 952 492 ιι,
1088 404 1091 411 ·

146 598 228 667 pum
245 600 313 647 non
326 578 429 647 solum
443 580 587 647 sermone
602 598 693 660 meo,
715 578 880 645 sedetiam
901 582 952 645 ia-

146 695 336 761 niiiaritate
358 694 499 761 devium
551 695 622 778 Ego
644 694 855 778 Apamensem
881 694 952 759 He-

144 806 326 893 phaeiium,
346 828 406 895 ego
417 807 548 873 Niciam
564 805 791 893 Smyrnaeum,
814 826 872 889 ego
886 827 951 873 nu·

87 916 90 921 ’
145 939 206 1004 gna
226 922 380 987 maximae
399 922 489 987 omni
509 940 582 987 mea
600 922 751 986 comitate
774 920 841 985 ium
859 941 950 986 com·

143 1035 280 1117 plexue,
310 1034 555 1121 Nymphontem
576 1036 676 1101 etiam
699 1032 950 1117 Colophonium.

144 1166 221 1231 qna
238 1150 303 1215 feci
319 1150 445 1229 omnia,
467 1169 533 1214 non
549 1169 613 1233 quo
631 1170 707 1226 me,
731 1156 788 1212 aut
803 1149 827 1211 ii
843 1149 951 1212 homi·

141 1279 227 1339 nea,
258 1268 315 1329 aut
337 1271 410 1328 tota
430 1264 518 1329 natio
541 1261 743 1329 delcetaretr
773 1261 944 1345 pertzium

140 1372 189 1439 est
206 1374 349 1441 levitatis
359 1422 370 1453 ,
392 1374 633 1455 affentationia‚
654 1376 858 1451 animorum,
881 1396 947 1439 non

142 1486 279 1566 officiis,
300 1488 353 1555 sed
376 1492 575 1574 temporibus
598 1491 814 1557 servientium.
861 1488 946 1566 Sed,
962 1510 985 1557 o

139 1610 180 1667 ut
194 1604 235 1667 ad
251 1603 389 1670 Zeuxim
408 1610 574 1684 revertam
606 1624 682 1669 cnm
698 1604 726 1668 is
750 1606 788 1667 dc
809 1602 854 1668 M.
872 1602 947 1669 Cai-

140 1715 227 1780 eellii
245 1718 389 1783 sermone
411 1718 518 1781 secum
541 1718 681 1794 habito,
714 1736 786 1800 qnae
810 1728 847 1781 tu
868 1716 945 1781 scri-

107 1884 110 1889 .
137 1826 208 1903 tic,
231 1849 270 1890 ea
290 1830 358 1908 ipsa
376 1828 588 1905 loqueretur,
612 1826 720 1887 obiiiti
737 1827 807 1906 ejus
825 1828 960 1890 sermo-·

131 1937 197 2021 mi,
227 1936 262 2002 ez
287 1936 453 2001 hominem
481 1934 517 1999 in
544 1935 799 2000 familiaritatem
824 1938 943 2019 recepi.

137 2049 215 2117 Tua
235 2058 346 2115 autern
364 2070 437 2134 quae
451 2050 551 2114 fuerit
567 2049 728 2131 cupiditas
751 2058 861 2125 tanta,
885 2069 944 2115 ne·

98 2168 101 2173 '
134 2163 202 2229 scio
216 2208 227 2242 ,
261 2165 347 2248 quod
380 2163 489 2228 scribis
526 2163 658 2246 cupiiffe
695 2172 729 2228 te
743 2209 753 2241 ‚
789 2166 942 2246 quoniam

135 2274 292 2361 Smyrnae
317 2278 381 2342 duo
412 2274 535 2362 Myfioa
557 2276 699 2342 insuisses
732 2277 766 2341 in
791 2277 941 2357 culeum,

135 2388 236 2457 fimile
263 2391 297 2456 in
326 2391 492 2475 superiore
517 2397 608 2473 parte
636 2391 811 2474 provinciae
844 2394 941 2459 edere

135 2505 319 2588 exemplum
340 2504 519 2570 severitatis
538 2511 630 2582 tuae,
652 2502 688 2568 ἃ
709 2505 830 2570 idcirco
852 2504 941 2573 Zeu·

133 2617 200 2681 nim
219 2618 345 2698 ,elicere
376 2618 465 2681 omni
490 2616 617 2681 ratione
645 2616 806 2684 voluisse:
840 2638 939 2702 quern

132 2728 311 2795 addustum
333 2732 368 2794 in
388 2728 700 2812 judicium‘fortasse
726 2732 845 2796 dimitti
871 2754 939 2798 non

131 2845 336 2929 oportuerit3
368 2843 520 2926 conquiri
539 2864 634 2922 vero,
657 2842 692 2908 δι
717 2845 789 2910 elici
811 2846 939 2909 blandi-

129 2957 188 3022 tiis
219 2960 287 3034 (ut
309 2962 347 3020 tu
370 2956 509 3034 scribis)
541 2959 581 3021 ad
606 2956 785 3040 judicium,
813 2957 939 3025 necesse

129 3087 198 3135 non
222 3068 284 3132 ruit
298 3089 323 3145 3¹
343 3087 418 3133 euru
432 3069 607 3153 praesertim
625 3069 815 3147 hominem,
837 3090 937 3154 quem

91 3176 102 3209 '¹
130 3202 193 3265 ego
216 3179 251 3246 ἂ
270 3201 312 3245 ex
334 3180 397 3245 suia
421 3182 574 3261 civibus,
608 3180 643 3244 ὄι
667 3200 707 3244 ea
730 3184 839 3249 multia
864 3189 939 3254 aliia

131 3295 278 3381 quotidie
290 3294 393 3377 magia
408 3296 564 3379 cognosco
579 3295 770 3361 nobiliorem
784 3297 847 3365 effe
859 3319 936 3381 pro·

132 3426 192 3491 pe,
214 3427 313 3494 quarn
335 3408 501 3474 civitatem
526 3407 625 3473 suam.
670 3408 822 3476 atenim
842 3410 937 3475 Grae·
991 3389 993 3393 Ι

134 3520 182 3585 eie
207 3521 283 3588 solia
310 3521 476 3605 indulgeo.
538 3521 665 3600 Quint
702 3523 742 3587 L.
768 3524 936 3591 Caecilium

683 3637 761 3719 He
