2367 4259
416 428 633 499 LIBER
685 429 715 499 Ῑ.
908 414 969 527 1115

159 616 199 679 ut
217 608 252 677 ld
266 607 503 684 retineamur,
531 614 649 689 praeter
673 614 800 673 eeteros
822 608 969 677 elabora-

106 708 110 715 ’
158 725 223 793 bla.
267 720 345 787 Non
366 718 411 785 eit
431 718 492 784 tibi
512 719 564 782 hia
588 719 664 785 solia
680 723 837 787 utendum
860 722 969 790 exitii·

108 882 115 893 ·
158 835 359 903 mationibus
378 852 416 898 aa
435 832 586 916 judiciis,
609 834 667 917 qui
688 854 777 900 nunc
793 836 884 915 sunt,
906 838 966 905 ho-

89 1018 94 1025 ,
156 950 310 1028 minum,
337 946 391 1013 sed
421 947 464 1011 iia
493 946 622 1026 etiam,
653 948 710 1032 qul
739 950 841 1013 futuri
869 952 966 1019 sunt:

152 1079 357 1155 'quamquam
387 1060 520 1126 illorum
551 1060 616 1126 erit
642 1063 751 1128 uerius
777 1061 966 1146 judicium,

156 1174 392 1263 alatretkatiune
407 1172 442 1239 δι
455 1173 685 1259 malevolentia
699 1175 882 1243 liberatum.
897 1178 966 1244 De·

155 1290 256 1373 nique
272 1290 354 1353 illud
367 1289 468 1353 etiam
482 1288 579 1353 deber
601 1290 761 1371 rogitare,
783 1308 850 1355 non
867 1298 901 1357 te
918 1291 964 1357 u·

89 1382 92 1387 ⁴
154 1402 191 1471 bi
205 1401 263 1466 soli
279 1400 415 1485 gloriam
434 1420 606 1496 quaerere:
640 1404 725 1485 quod
747 1400 771 1466 ti
793 1402 891 1483 effet,
912 1412 965 1471 ta·

140 1536 232 1581 men
249 1532 314 1579 non
330 1514 530 1598 negligerem
549 1514 730 1599 praesertim
744 1538 817 1583 cum
835 1518 966 1601 amplii-

151 1626 242 1695 'fimia
266 1630 486 1694 monumentis
509 1631 696 1697 consecrare
718 1629 869 1697 voluIllea
893 1650 962 1697 me·

92 1794 97 1801 .
123 1774 128 1781 ·
155 1743 292 1808 moriam
314 1742 456 1807 nominis
475 1744 527 1804 tui
546 1762 558 1805 r
587 1743 641 1807 led
663 1760 702 1805 ea
724 1744 785 1809 tibi
801 1743 848 1807 est
870 1764 962 1809 com·

149 1856 352 1921 municanda
380 1867 532 1925 mecum,
566 1853 731 1930 prodenda
754 1852 864 1915 liberis
888 1856 962 1919 nol·

152 1967 228 2031 tria.
250 1966 285 2027 in
299 1980 363 2047 qua
384 1959 565 2025 cavendum
582 1958 649 2038 est,
672 1978 737 2038 na,
759 1959 962 2046 finegligen.

103 2088 106 2093 '
152 2082 221 2145 tior
235 2075 358 2154 fueris,
379 2093 443 2139 non
461 2072 564 2139 solum
583 2073 643 2139 tibi
658 2092 771 2158 parum
788 2076 962 2143 consuluis-

153 2194 208 2270 se,
227 2190 282 2263 rea
297 2188 394 2253 etum
407 2188 473 2252 tuis
487 2186 634 2253 invitine
649 2174 800 2256 videatis.
845 2191 1001 2275 atquem

85 2386 90 2393 .
152 2308 229 2373 nac
251 2323 316 2368 non
341 2290 382 2368 eo
411 2303 592 2383 dicuntur,
627 2309 667 2367 ut
695 2309 729 2368 te
752 2304 857 2368 oratio
884 2323 959 2371 mea

152 2398 365 2485 dormientem
387 2414 551 2501 encitalie,
574 2415 627 2481 sed
643 2416 753 2499 potIur
769 2426 808 2481 ut
825 2392 968 2484 curren-¹

153 2538 222 2597 tem
241 2530 386 2596 incitaffe
405 2531 565 2596 videatur.
609 2528 722 2593 Facies
737 2529 825 2595 enim
841 2549 958 2618 perpe·

155 2634 240 2723 tuo,
284 2664 358 2728 quae
390 2642 518 2720 iecisti,
554 2647 594 2706 ut
626 2660 739 2707 omnen
768 2644 960 2727 aequitatem

149 2766 263 2837 tunm,
284 2735 552 2842 temperantiam,
575 2753 801 2836 severitatem,
822 2758 960 2841 integri·

154 2879 323 2956 tutamque
336 2872 482 2937 laudent.
528 2867 590 2933 Sed
608 2888 660 2935 me
682 2872 832 2955 quaedam
847 2879 957 2949 tenet,

152 2992 286 3071 propter
308 2982 499 3063 singularem
521 3001 687 3062 amorem,
714 2982 843 3046 infinita
865 2982 900 3047 in
924 2991 959 3049 te

88 3152 91 3157 .
142 3095 295 3164 ¹auiditas
310 3094 444 3176 gloriare
474 3114 674 3181 quamquam
690 3095 774 3158 illud
791 3094 959 3176 existimo,

155 3232 235 3275 cum
250 3207 318 3292 jam
337 3207 397 3273 tibi
415 3206 489 3272 Asia
499 3254 510 3286 ,
531 3208 614 3274 ficut
630 3206 805 3291 unicuique
823 3208 878 3274 sua
899 3206 959 3276 ‹lu-

157 3342 253 3400 mua,
274 3324 352 3386 nuta
367 3319 429 3384 effe
447 3323 581 3399 debeat,
604 3340 682 3389 cum
704 3321 745 3385 ad
762 3328 854 3386 tuam
874 3321 960 3386 sum·

160 3454 246 3499 mam
259 3434 469 3521 =prudentlam
483 3443 593 3499 tantun
607 3433 683 3500 usua
704 3432 869 3501 aecelierit
877 3479 888 3511 ,
909 3433 961 3495 ni·

160 3546 209 3614 tut
228 3546 318 3632 elle,
345 3550 434 3637 quod
459 3550 501 3615 ad
524 3549 656 3614 laudem
680 3548 841 3628 attineat,
873 3537 984 3630 quod‘

124 3690 128 3697 ·
211 3662 217 3673 '
710 3661 790 3727 Ha
