2367 4259
187 467 252 517 122
296 438 459 516 EPIST.
490 444 560 514 Au
592 448 636 525 Q.
659 447 902 517 FRATREM

188 629 289 695 solere
315 620 422 688 afferri
436 663 447 697 ‚
476 620 535 686 abe
559 620 591 685 fe
616 622 706 706 legi;
738 622 794 703 ἀ,
823 623 991 709 uinique

188 741 276 815 lint,
307 735 378 799 fieri
405 740 439 799 te
470 734 654 801 certiorem.
699 737 887 825 Antequam
912 758 992 807 vero

187 855 253 936 ipse
275 851 314 912 ad
332 860 366 914 te
384 846 533 926 veniret,
546 910 549 915 ,
564 850 691 915 nullum
718 852 878 919 delestum
902 855 993 920 litte-

185 984 295 1031 rarum
317 961 436 1038 fuiffe3
468 984 510 1028 ex
530 984 570 1027 eo
594 961 655 1028 effe
676 965 840 1031 volumine
859 962 992 1034 feleste-

186 1098 261 1143 rum
285 1077 514 1160 epistolarum,
537 1096 611 1160 quae
631 1077 991 1163 reprehendilsolerent.

186 1191 262 1259 Hoc
288 1194 467 1274 degenere
486 1186 623 1255 nihil-te
649 1212 735 1259 nuuc
762 1193 892 1277 quidem
917 1214 993 1258 roo·

183 1326 246 1372 neo
264 1331 273 1383 ;
305 1307 373 1370 sero
396 1304 442 1370 est
461 1305 568 1383 enim,
590 1323 629 1369 ee
646 1305 727 1371 solre
745 1315 862 1391 potes,
886 1307 992 1371 rnulte

185 1440 238 1485 me
259 1423 348 1483 varie
370 1421 601 1501 diligenterque
617 1421 783 1487 monuiffe.
828 1422 913 1487 Illud
934 1427 991 1483 ta·

183 1553 278 1607 meo,
307 1534 392 1615 quod
414 1530 629 1615 Theopompo
649 1536 817 1611 mundavi,
846 1555 920 1599 cum
939 1532 991 1598 el·

182 1645 247 1709 fem
267 1645 450 1709 admonitus
475 1644 515 1709 ab
544 1645 632 1727 ipso,
662 1647 736 1711 vide
760 1667 817 1729 per
839 1647 990 1711 homines

182 1766 330 1853 ornantes
346 1758 418 1837 tui,
440 1760 527 1841 quod
551 1757 597 1824 est
613 1759 725 1838 focile,
747 1768 784 1824 ut
800 1759 872 1824 haec
888 1778 990 1840 gene·

182 1892 219 1937 ra
246 1874 405 1938 tollantur
426 1873 658 1957 epistolarum,
693 1872 833 1959 primum
855 1873 1001 1954 iniqua·.

181 2008 274 2063 rum,
297 1989 414 2052 deinde
432 1987 688 2064 contrariarum,
712 1996 785 2053 tum
803 1983 987 2054 absurde&

179 2098 330 2162 inusitate
356 2098 570 2179 scriptorum,
603 2098 762 2182 postremo
786 2102 821 2165 iu
843 2102 986 2185 aliquem

179 2210 495 2276 contumeliosam.
574 2223 652 2298 tque
671 2234 732 2297 ego
755 2214 827 2278 haee
847 2221 913 2278 tarn
937 2211 987 2277 es·

177 2324 229 2399 se,
253 2342 350 2406 quarn
370 2326 491 2406 audio,
514 2314 585 2391 nori
599 2336 706 2410 puto;
738 2325 773 2392 ἀ
793 2324 817 2390 fi
836 2326 910 2391 sunt
929 2346 985 2389 oc-

177 2437 406 2517 cupationibus
421 2441 487 2507 tulo
509 2442 618 2507 minus
634 2440 852 2505 animadversa
862 2485 873 2518 ‚
896 2458 985 2502 nune

177 2551 377 2635 perspice&
402 2574 515 2638 purga.
561 2556 642 2638 Legi
664 2552 855 2633 epistolem,
885 2571 983 2634 quam

178 2665 243 2749 ipse
266 2665 415 2747 scripfiiie
429 2666 519 2732 Sulla
542 2666 766 2730 nomenclator
788 2660 896 2726 distus
919 2661 982 2742 est,

177 2797 244 2840 non
262 2778 485 2859 probandam:
514 2778 579 2858 legi
602 2766 774 2839 nonnullus
796 2774 981 2841 iracundas.

177 2888 242 2954 Sed
264 2897 410 2968 tempore
433 2887 500 2969 ipso
529 2888 570 2952 de
597 2886 749 2972 epistolis.
795 2886 880 2952 Nam
904 2910 982 2956 euru

175 3005 259 3066 hono
278 3001 429 3083 paginam
450 3007 625 3080 tenerem,
656 3001 695 3065 L.
719 3001 867 3083 Flavius,
896 3022 983 3089 proe-

175 3122 228 3175 tor
255 3113 460 3197 designatus,
492 3115 533 3180 ud
554 3135 607 3182 me
635 3116 752 3195 venit,
779 3119 877 3182 horno
900 3117 982 3183 mihi

174 3227 268 3292 ualde
289 3229 469 3294 tamillaris.
514 3229 549 3294 Is
573 3229 680 3310 mihi,
711 3237 745 3295 te
764 3233 804 3295 ad
825 3247 980 3315 procura-

174 3348 262 3406 tores
285 3342 359 3405 suos
385 3343 510 3407 litteras
534 3341 673 3422 mifisse3
705 3365 778 3430 quae
802 3342 882 3407 mihi
904 3341 979 3406 visae

173 3455 246 3518 sunt
264 3453 492 3538 iniquiffimae:
523 3476 564 3521 ne
587 3458 664 3540 quid
686 3460 727 3522 de
753 3455 871 3531 bonis,
901 3475 977 3537 quae

173 3566 212 3633 u.
230 3568 359 3634 ouavu
380 3568 517 3635 uanus
538 3570 693 3650 surrent,
716 3571 769 3636 cur
782 3549 826 3633 ἰ.
846 3568 977 3635 uanus
