2367 4259
395 376 691 447 LIBERI.
880 400 943 465 ¹33

142 576 222 623 eum
245 550 433 620 aedilitatem
453 554 610 636 petebas,
640 553 679 615 de
700 552 771 635 lege
790 550 944 630 Aurelia,

140 669 222 738 §also
248 666 428 731 testimonio
456 664 679 729 confirmetur.
740 664 829 729 Nihil
855 663 942 729 enim

140 789 213 845 tom
236 780 354 857 timeo,
376 798 471 865 quam
497 800 557 855 ne,
580 798 654 841 curn
676 778 857 859 intelligant
881 777 942 841 ho·

140 895 276 971 mineo,
310 906 468 978 quantum
497 886 724 956 misericordiae
755 892 848 976 nobis
873 898 940 954 tuae

141 1024 259 1092 precer
276 1002 310 1071 ir
327 1014 385 1073 tuo
406 1006 490 1070 salus
510 1008 646 1070 allatura
666 1004 727 1077 iit,
757 1010 941 1087 oppugnent

139 1126 181 1183 te
193 1118 424 1185 vehementius.
468 1118 629 1183 Messalam
643 1119 694 1182 tui
710 1116 880 1180 studiosum
894 1117 941 1181 es·
1059 1188 1066 1201 .

137 1232 174 1297 so
195 1234 360 1297 arbitror:
392 1231 576 1315 Pompejum
600 1233 697 1295 etiarn
721 1229 940 1293 simulatorem

138 1352 247 1431 puto..
268 1372 271 1377 ·
295 1341 358 1409 Sed
390 1345 460 1409 haeo
491 1347 618 1411 utinam
647 1364 713 1409 non
740 1343 939 1427 experiare!

135 1458 230 1541 ,qnod
243 1476 391 1541 precarer
405 1460 500 1538 deor,
523 1457 582 1523 nisr
598 1478 686 1523 meas
702 1477 811 1541 preces
829 1456 941 1519 audite

106 1571 109 1579 '
140 1566 295 1654 «iniissent.
340 1570 576 1638 Verumtamen
592 1592 725 1653 precor,
746 1586 784 1635 ut
800 1571 850 1633 his
865 1567 939 1633 infi-

140 1681 221 1747 nitio
242 1685 356 1748 nostrie
380 1684 476 1747 malis
497 1685 641 1745 contenti
659 1682 742 1745 fint:
773 1684 807 1743 in
821 1683 940 1763 quibus

97 1820 102 1829 ·
136 1812 207 1859 non
221 1796 318 1856 modo
339 1800 452 1853 temen
471 1790 590 1849 nullius
613 1790 692 1851 inest
714 1792 838 1870 peccati
859 1794 942 1853 inia-

137 1902 229 1980 min
253 1901 307 1965 sed
327 1900 433 1965 omnio
451 1900 545 1964 dolor
559 1899 624 1978 est,
647 1902 732 1982 quod
754 1900 875 1985 optime
893 1903 942 1967 fa-

137 2013 203 2080 stis
230 2032 328 2098 poena
348 2012 394 2078 est
417 2012 556 2078 maxima
582 2014 763 2079 constituta.
829 2014 941 2080 Filiam

137 2146 248 2193 meam
274 2127 309 2193 ἂ
337 2134 453 2207 tuom,
490 2098 744 2211 diceronemque
772 2128 940 2206 nostrum,

85 2242 90 2257 “
135 2239 219 2323 quid
230 2260 312 2323 ego,
326 2241 373 2306 mi
380 2242 498 2320 frater,
517 2241 579 2306 tibi
592 2238 839 2307 commendem?
862 2243 941 2326 quin

136 2353 223 2417 iliud
238 2369 380 2434 moereo,
402 2353 491 2438 quod
505 2355 565 2419 tibi
582 2375 648 2421 non
670 2356 827 2421 minorem
847 2357 940 2420 dolo-

135 2483 208 2530 rem
237 2466 369 2533 illorum
405 2468 524 2532 orbitas
558 2465 687 2547 affert,
722 2488 818 2553 quam
846 2468 937 2535 mihi.

135 2574 219 2654 ser,
240 2586 274 2643 te
289 2580 463 2659 incolumi,
486 2581 557 2645 orbi
571 2600 637 2644 non
653 2591 761 2646 erunt.
785 2582 938 2665 Reliqua,

133 2690 183 2753 ito
200 2692 283 2755 mihi
301 2692 385 2757 solur
399 2694 525 2777 ¹reliqua,
538 2695 655 2773 detur,
677 2694 882 2778 potestasque
903 2695 937 2757 in
1044 2704 1046 2709 '

131 2797 240 2887 petria
254 2807 435 2883 moriendi,
457 2814 495 2870 ut
511 2828 563 2871 mo
581 2804 735 2890 irc'rymae
752 2827 818 2871 non
832 2805 939 2868 sinunt

92 2920 99 2932 “
132 2912 281 2981 scribere.
325 2918 435 2981 EtIam
459 2896 648 2984 Terentiam
671 2922 768 2987 velim
798 2926 937 2995 tueare,

132 3027 283 3110 mihique
304 3030 344 3093 de
370 3030 518 3096 omnibus
546 3034 642 3098 rebus
671 3032 834 3097 rescribas.
887 3028 939 3096 Sis
966 3033 970 3039 ’

130 3140 254 3219 iortis,
286 3141 393 3223 quoad
414 3144 462 3208 rei
484 3153 599 3209 nature
628 3145 782 3229 patiatur.
826 3145 938 3213 Idibus

130 3252 258 3335 Juniis,
281 3252 525 3323 Thessalonicae.
