2367 4259
195 446 262 513 108
304 434 467 507 uu1sr.
495 438 565 505 An
597 394 639 515 u.
663 392 906 509 runruuu
1017 524 1020 547 p

195 612 374 680 taellem‘te
392 608 427 673 ln
441 610 540 677 rebus
557 612 807 697 cognoscendis,
834 616 870 682 in
885 616 997 685 humi..

195 728 290 795 nibus
319 723 484 790 audendis
513 725 784 815 admittendisque
812 732 991 814 praeberce

193 836 384 925 praeclarum
402 839 505 921 magis
523 838 587 916 eit,
615 858 711 922 quem
736 842 879 917 difficile.
921 861 991 911 non

193 948 238 1015 est
263 949 350 1015 enim
370 948 508 1035 pnfitum
527 951 562 1014 ln
582 952 693 1018 labore
715 953 850 1038 aliquo,
878 956 930 1021 sed
951 957 989 1024 in

190 1065 328 1146 quadarn
349 1052 657 1153 indufflonennimi
681 1073 777 1149 atque
808 1067 987 1135 voluntate.

161 1234 165 1242 .
189 1176 253 1247 Ille
275 1177 369 1242 ceusu
391 1176 634 1261 publicanorum
656 1188 808 1261 quantum
828 1181 988 1245 acerbite-

186 1295 260 1353 tem
281 1288 374 1354 affert
397 1290 511 1369 luciis,
530 1291 746 1357 intelleximus
769 1312 810 1357 ex
833 1291 958 1358 civibus
970 1338 983 1373 ,

186 1404 246 1488 qui
263 1422 364 1486 nuper
382 1403 418 1467 in
437 1397 587 1487 portoriis
603 1404 708 1469 ltsllse
726 1406 894 1486 tollendis,
916 1425 984 1472 non

188 1522 257 1582 tum
275 1518 315 1581 de
336 1516 503 1600 portorio,
531 1535 638 1603 quam.
650 1518 690 1583 de
710 1520 875 1583 nonnullis
894 1518 984 1600 iuju-

185 1631 244 1693 riis
269 1629 461 1719 portitorum
484 1628 712 1713 querebantur.
779 1630 891 1706 Quare
914 1642 979 1695 nou

185 1740 325 1824 ignoro,
355 1741 433 1824 quid
455 1741 548 1808 sociis
569 1743 693 1809 accidat
712 1744 747 1809 iu
768 1742 893 1809 ultimis
912 1749 981 1808 ter·

183 1854 249 1932 ris,
263 1873 339 1919 cum
355 1856 512 1922 audierim
524 1855 558 1923 in
570 1857 667 1923 Italis
680 1858 829 1941 querelas
844 1838 978 1923 civium.

183 1967 250 2035 Hic
267 1975 302 2030 te
318 1968 366 2033 ltu
382 1970 522 2047 versari,
542 1977 582 2037 ut
603 1969 638 2037 dr
656 1971 833 2054 publicanis
852 1971 978 2037 satisfu-

183 2082 270 2160 cias,
300 2079 500 2164 (pracsertim
521 2082 658 2163 publicis
678 2085 762 2149 mule
779 2083 975 2168 redemtis,)

182 2193 219 2261 ds
236 2194 335 2260 soclus
350 2193 454 2278 perIre
468 2213 534 2259 non
549 2191 652 2271 finus,
675 2195 792 2262 divinae
807 2196 975 2281 cujusdam

157 2297 160 2305 ’
180 2286 310 2376 virtutis
328 2304 390 2371 effe
407 2302 558 2393 videtur,
577 2305 613 2371 id
634 2304 697 2384 est,
719 2314 798 2372 tuse.
841 2308 891 2374 Ac
908 2308 976 2393 pri·

179 2443 272 2489 nrum
292 2419 439 2498 Graecis,
468 2420 502 2501 id
527 2419 617 2504 quud
644 2415 872 2486 acerbillimum
900 2420 974 2499 eli,

178 2536 269 2620 quod
290 2533 364 2600 sunt
378 2529 570 2617 vestigales,
599 2550 665 2598 non
684 2532 731 2595 its
754 2532 908 2598 acerbum
924 2532 974 2597 ui·
1014 2614 1018 2625 ι

178 2648 249 2714 deri
261 2648 374 2725 debet3
396 2653 566 2730 propterea
581 2645 670 2729 quod
684 2641 749 2709 fine
765 2644 900 2728 imperio
914 2661 973 2726 pn·

176 2761 249 2846 puli
266 2759 423 2835 Romani,
445 2758 510 2823 suis
526 2756 698 2831 institutis,
719 2776 778 2839 per
792 2757 824 2822 se
844 2754 902 2839 ipfi
924 2754 971 2819 itu

174 2875 318 2942 fuerunt.
361 2869 491 2935 Nomen
510 2880 620 2935 nutem
632 2863 796 2954 publicani
813 2867 971 2951 aspernari

176 3007 243 3053 non
265 2983 416 3073 poliunt,
441 2982 498 3068 qui
519 2984 658 3066 pendere
674 2980 731 3066 ipli
750 2978 885 3066 vectigal
903 2979 969 3046 fine

175 3100 344 3186 publicane
365 3117 431 3163 non
446 3102 643 3180 potuerunt,
672 3090 757 3179 quud
775 3095 817 3159 iis
836 3095 969 3181 aequsli·

175 3220 227 3274 ter
248 3208 336 3274 Sulla
358 3209 570 3292 descripserat.
613 3207 688 3272 Non
709 3207 771 3273 elie
793 3215 902 3276 nutem
922 3207 968 3270 le·

175 3325 283 3405 niores
312 3322 346 3384 iu
375 3322 538 3405 exigendis
567 3317 777 3403 vestigalibus
806 3319 967 3398 Graecus,

173 3457 272 3520 quarn
282 3432 403 3498 nostros
414 3436 612 3517 publicanos,
620 3434 695 3497 hinc
708 3410 846 3515 intelligi
854 3432 967 3513 potest,

173 3551 260 3632 quud
282 3546 396 3615 Caunii
417 3565 542 3632 nuper,
571 3565 748 3636 omnesque
769 3564 811 3611 ex
835 3543 967 3628 iululis,
