2367 4259
188 480 250 552 138
294 443 457 532 norst.
487 460 557 527 nn
589 460 632 537 Q.
655 460 901 529 rnarnnrr

187 641 223 710 C.
242 638 419 713 Caesarem,
451 634 656 700 contumeliae
676 638 710 700 in
729 636 896 714 Gellium,
927 657 986 703 ex·

185 752 412 841 postulationes
432 769 507 812 curn
526 748 654 814 absente
671 750 833 834 Pompejo.
879 750 984 817 Causa

185 868 253 930 sero
277 872 442 945 perorata,
466 862 637 925 sententias
662 862 692 925 le
717 872 904 946 rogaturum
926 880 986 929 no·

183 978 291 1061 gavit,
321 996 361 1038 ne
389 976 477 1057 quod
501 994 583 1040 onus
607 974 778 1040 fimultatis
804 978 895 1043 nobis
920 979 984 1043 im·

182 1098 329 1175 poneret.
374 1088 423 1151 Ex
444 1088 642 1169 superiorum
662 1097 844 1174 temporum
869 1090 984 1157 convia-

184 1204 267 1279 ciis,
298 1200 331 1265 dr
353 1223 393 1264 ex
412 1200 557 1283 praesenti
577 1199 723 1281 filontio,
750 1203 826 1284 quid
852 1180 1005 1269 senatun

181 1316 329 1392 sentiret,
352 1314 383 1379 se
404 1314 584 1398 intelligere
606 1315 698 1379 dixit.
741 1316 776 1379 in
797 1316 853 1381 illo
880 1317 983 1401 coepit

185 1431 359 1494 dimittere.
405 1426 491 1493 Turn
501 1428 724 1507 Marcellinus,
747 1429 842 1507 Noli,
864 1430 983 1512 inquit,

181 1566 222 1608 ex
237 1542 457 1605 taciturnitate
470 1540 593 1620 nollra,
616 1536 722 1622 Lupe,
745 1542 820 1623 quid
833 1550 890 1605 aut
903 1562 981 1626 pro·

179 1658 292 1721 bernus
315 1657 376 1719 hoc
399 1663 561 1737 tempore,
584 1664 643 1719 aut
666 1653 903 1736 improbemus,
924 1652 983 1735 ju·

180 1771 298 1834 dicare.
342 1769 433 1852 Ego,
463 1772 549 1853 quod
570 1772 612 1833 ad
635 1790 688 1833 me
714 1766 847 1842 attinet,
874 1764 983 1829 idem·
1010 1770 1013 1777 '

179 1906 244 1968 que
268 1885 405 1948 arbitror
430 1892 581 1959 ceteros,
610 1882 730 1949 idcirco
750 1890 862 1957 neco,
891 1880 982 1962 quod

178 2019 243 2062 non
260 1997 423 2069 existimo,
448 2016 523 2057 curn
545 1996 712 2076 Pompeius
733 1992 830 2070 abfit,
853 1993 980 2057 causam
1020 1968 1023 1977 ⁴

178 2107 246 2185 agri
264 2105 417 2183 Campani
439 2104 491 2182 agi
514 2107 699 2169 convenire.
747 2107 833 2169 Tum
850 2106 924 2183 illc,
946 2104 980 2170 se

176 2217 321 2282 senatum
342 2215 472 2296 negavit
491 2223 614 2278 tenere.
659 2216 803 2281 Racilius
823 2218 980 2295 surrexit,

177 2331 211 2396 δι
233 2330 272 2394 de
296 2327 426 2412 judiciis
450 2329 568 2391 referre
595 2328 705 2410 coeplt.
755 2315 979 2394 Marcellinum

177 2446 307 2527 quidem
329 2441 469 2524 primum
493 2440 632 2521 rogavit.
646 2498 650 2529 Ι
677 2442 711 2503 Is
736 2459 811 2501 cum
836 2442 979 2521 graviter

177 2559 216 2620 de
233 2555 394 2622 Clodianis
412 2552 587 2631 incendiis,
610 2561 639 2617 tr
647 2552 905 2629 ¹reidationibus,
928 2554 980 2616 la·

174 2670 393 2754 pidationibus
409 2666 536 2752 questus
554 2666 630 2732 esset
637 2712 648 2744 ,
670 2666 857 2731 sententiam
877 2665 979 2746 dixit,

175 2793 211 2849 ut
231 2785 294 2866 ipse
312 2785 440 2866 judices
460 2801 516 2865 per
538 2789 710 2865 praetorem
733 2780 889 2843 urbanum
910 2778 977 2843 sor-

172 2901 315 2974 tiretur3
345 2896 488 2979 judicum
511 2896 678 2960 lortitione
700 2891 814 2971 falia,
843 2893 976 2959 comitia

172 3013 390 3074 holrerentur:
421 3009 477 3092 qui
493 3008 615 3091 judicia
638 3006 871 3091 impediviliet,
887 2984 976 3071 'eom

174 3131 284 3185 contra
302 3122 534 3206 rempublicam
547 3121 609 3186 else
627 3121 802 3187 fatturum.
846 3122 977 3204 Appro·

173 3237 247 3301 bata
274 3236 365 3298 valde
398 3236 582 3312 sententia,
615 3235 651 3300 C.
674 3235 753 3299 Cato
784 3244 895 3297 contra
924 3232 976 3297 dl·

172 3349 239 3426 xit,
264 3346 296 3411 &
317 3345 456 3427 Gallius,
479 3348 619 3412 maxima
636 3349 867 3412 acclamatione
884 3346 975 3409 sena-

172 3474 243 3539 tos,
268 3481 341 3525 curn
360 3463 489 3525 comitia
510 3461 640 3543 judiciis
664 3462 852 3525 anteferret.
896 3460 974 3524 Phi-

171 3576 277 3659 llppus
294 3572 418 3640 an'enfic
437 3574 588 3644 Lentulo.
634 3575 745 3638 Postea
764 3572 907 3636 Racilius
929 3577 971 3639 de
